@incollection{Kripke1963-KRISAO-2,
  booktitle = {Formal Systems and Recursive Functions},
  number = {2},
  author = {Saul A. Kripke},
  title = {Semantical Analysis of Intuitionistic Logic I},
  publisher = {North Holland},
  editor = {Michael Dummett and J. N. Crossley},
  pages = {92--130},
  year = {1963}
}

@INPROCEEDINGS{Bonner88alogic,
    author = {Anthony J. Bonner},
    title = {A Logic for Hypothetical Reasoning},
    booktitle = {Department of Computer Science, Rutgers University},
    year = {1988},
    pages = {480--484},
    publisher = {AAAI Press}
}

@article{Gabbay1984319,
title = "N-Prolog: An extension of Prolog with hypothetical implications. I. ",
journal = "The Journal of Logic Programming ",
volume = "1",
number = "4",
pages = "319 - 355",
year = "1984",
note = "",
issn = "0743-1066",
doi = "http://dx.doi.org/10.1016/0743-1066(84)90029-3",
url = "http://www.sciencedirect.com/science/article/pii/0743106684900293",
author = "D.M. Gabbay and U. Reyle",
abstract = "An extension of \{PROLOG\} called N-PROLOG is presented. N-PROLOG allows hypothetical implications in the clauses. For clauses without implication, N-PROLOG acts like PROLOG. Examples are given to show the need for N-PROLOG. N-PROLOG is a self-reflecting language; it is equal to its own metalanguage. N-PROLOG is more suitable for expressing temporal behavior (change in time). Ordinary \{PROLOG\} is conceptually weaker than N-PROLOG. "
}

@article{PropAsTypes,
title = "Propositions as Types",
year = "2014",
author = "Wadler, Philip",
}

@incollection{Dirk,
  booktitle = {Handbook of Philosophical Logic},
  author = {Dirk van Dalen},
  title = {Intuitionistic Logic},
  publisher = {Springer},
  editor = {D. Gabbay and F. Guenthner},
  pages = {225--340},
  year = {1985}
}
@article{Miller:1989:LAM:65822.65826,
 author = {Miller, Dale},
 title = {A Logical Analysis of Modules in Logic Programming},
 journal = {J. Log. Program.},
 issue_date = {Jan./Mar. 1989},
 volume = {6},
 number = {1-2},
 month = jan,
 year = {1989},
 issn = {0743-1066},
 pages = {79--108},
 numpages = {30},
 url = {http://dx.doi.org/10.1016/0743-1066(89)90031-9},
 doi = {10.1016/0743-1066(89)90031-9},
 acmid = {65826},
 publisher = {Elsevier Science Inc.},
 address = {New York, NY, USA},
}
@article{McCarty:1988:CIL:49484.49485,
 author = {McCarty, L. Thorne},
 title = {Clausal Intuitionistic Logic II. Tableau Proof Procedures},
 journal = {J. Log. Program.},
 issue_date = {June 1988},
 volume = {5},
 number = {2},
 month = jun,
 year = {1988},
 issn = {0743-1066},
 pages = {93--132},
 numpages = {40},
 url = {http://dx.doi.org/10.1016/0743-1066(88)90014-3},
 doi = {10.1016/0743-1066(88)90014-3},
 acmid = {49485},
 publisher = {Elsevier Science Inc.},
 address = {New York, NY, USA},
}
@inproceedings{McCartyS94,
  added-at = {2013-12-04T00:00:00.000+0100},
  author = {McCarty, L. Thorne and Shklar, Leon A.},
  biburl = {http://www.bibsonomy.org/bibtex/20c019295f75d2bd3182005dacd36138f/dblp},
  booktitle = {ILPS},
  crossref = {conf/slp/1994},
  editor = {Bruynooghe, Maurice},
  interhash = {c0e102c04dbf91117f321dc7264f80a0},
  intrahash = {0c019295f75d2bd3182005dacd36138f},
  isbn = {0-262-52191-1},
  keywords = {dblp},
  pages = 685,
  publisher = {MIT Press},
  timestamp = {2013-12-04T00:00:00.000+0100},
  title = {A PROLOG Interpreter for First-Order Intuitionistic Logic.},
  url = {http://dblp.uni-trier.de/db/conf/slp/slp94.html#McCartyS94},
  year = 1994
}
@incollection{Prolog2,
year={1985},
isbn={978-0-908069-15-6},
booktitle={Logic Programming},
doi={10.1007/978-94-009-5044-3_1},
title={Introductory Papers to Logic Programming and Prolog},
url={http://dx.doi.org/10.1007/978-94-009-5044-3_1},
publisher={Springer Netherlands},
author={Balbin, Isaac and Lecot, Koenraad},
pages={1-9},
language={English}
}
@misc{Prolog1,
  title = {Prolog},
  howpublished = {\url{http://en.wikibooks.org/wiki/Prolog}},
}
@misc{Prolog3,
  title = {SWI-Prolog},
  howpublished = {\url{http://www.swi-prolog.org/}},
}

@INPROCEEDINGS{Bonner94hypotheticalreasoning,
    author = {Anthony J. Bonner},
    title = {Hypothetical Reasoning with Intuitionistic Logic},
    booktitle = {Non-Standard Queries and Answers, Studies on Logic and Computation, chapter 8},
    year = {1994},
    pages = {187--219},
    publisher = {Oxford University Press}
}
